@comment{BibCompanion_Settings,
  textencoding        = {4},
  linemode            = {0},
  database_id         = {GBk7Dmo3PoxV3hDPTRGdjvrgSAAUCW9B},
  attachment_mode     = {1},
  rename_after_bibkey = {YES},
  keep_full_path      = {NO},
  attachment_path     = {Attachments}
}

@book{iwanami,
  author = {花村榮一},
  publisher = {岩波書店},
  title = {量子光学},
  year = {1992}
}

@book{sato,
  author = {佐藤勝昭},
  publisher = {朝倉書店},
  title = {光と磁気},
  year = {2001}
}