@comment{BibCompanion_Settings,
  textencoding        = {4},
  linemode            = {0},
  database_id         = {GBk7Dmo3PoxV3hDPTRGdjvrgSAAUCW9B},
  attachment_mode     = {1},
  rename_after_bibkey = {YES},
  keep_full_path      = {NO},
  attachment_path     = {Attachments}
}


@book{mikoshiba,
    author         = {御子柴宣夫},
    editor         = {西澤潤一},
    publisher      = {培風館},
    title          = {半導体の物理},
    edition        = {改訂版},
    year           = {1991}
}
@book{DFT,
  author         = {前園涼 and 市場友宏},
  publisher      = {森北出版},
  title          = {動かして理解する 第一原理電子状態計算},
  year           = {2023},
  edition        = {第2版},
}
@book{rikanenpyo,
  editor         = {国立天文台},
  publisher      = {丸善出版},
  title          = {理科年表},
  year           = {2023}
}