@comment{BibCompanion_Settings,
  textencoding        = {4},
  linemode            = {0},
  database_id         = {GBk7Dmo3PoxV3hDPTRGdjvrgSAAUCW9B},
  attachment_mode     = {1},
  rename_after_bibkey = {YES},
  keep_full_path      = {NO},
  attachment_path     = {Attachments}
}


@article{keisoku,
  title={計測の原理と基礎},
  author={越地 耕二},
  journal={エレクトロニクス実装学会誌},
  volume={10},
  number={3},
  pages={176-179},
  year={2007},
  doi={10.5104/jiep.10.176}
}