@comment{BibCompanion_Settings,
  textencoding        = {4},
  linemode            = {0},
  database_id         = {GBk7Dmo3PoxV3hDPTRGdjvrgSAAUCW9B},
  attachment_mode     = {1},
  rename_after_bibkey = {YES},
  keep_full_path      = {NO},
  attachment_path     = {Attachments}
}


@book{Sakurai_Napolitano_2020,
  edition={third},
  title={Modern Quantum Mechanics},
  publisher={Cambridge University Press},
  author={Sakurai, J. J. and Napolitano, Jim},
  year={2020}
}

@book{Slichter_1990,
  author         = {Charles P. Slichter},
  publisher      = {Springer},
  title          = {Principles of Magnetic Resonance},
  edition        = {Third Enlarged},
  year           = {1990}
}

@book{Matsuoka_2000,
  author         = {松岡正浩},
  publisher      = {裳華房},
  title          = {量子光学},
  year           = {2000}
}
@book{kushida_1991,
  author         = {櫛田浩司},
  publisher      = {朝倉書店},
  title          = {光物性物理学},
  year           = {1991}
}
@article{Morita_2010,
  title={ホモダイン，ヘテロダインとは？},
  author={森田 隆二},
  journal={応用物理},
  volume={79},
  number={5},
  pages={449-453},
  year={2010},
  doi={10.11470/oubutsu.79.5_449}
}