@comment{BibCompanion_Settings,
  textencoding        = {4},
  linemode            = {0},
  database_id         = {GBk7Dmo3PoxV3hDPTRGdjvrgSAAUCW9B},
  attachment_mode     = {1},
  rename_after_bibkey = {YES},
  keep_full_path      = {NO},
  attachment_path     = {Attachments}
}


@book{Arfken,
  author         = {Gerge R. Arfken, Hans J. Weber},
  edition         = {第4版},
  publisher      = {講談社},
  title          = {特殊関数},
  year           = {2001},
  other          = {権平健一郎, 神原武志, 小山直人 訳}
}
@book{Sunakawa,
  author         = {砂川重信},
  publisher      = {紀伊国屋書店},
  title          = {理論電磁気学},
  edition        = {第3版},
  year           = {1999}
}
@book{Maeno_QM,
  author         = {前野昌弘},
  publisher      = {東京図書},
  title          = {よくわかる量子力学},
  year           = {2011}
}