@comment{BibCompanion_Settings,
  textencoding        = {4},
  linemode            = {0},
  database_id         = {GBk7Dmo3PoxV3hDPTRGdjvrgSAAUCW9B},
  attachment_mode     = {1},
  rename_after_bibkey = {YES},
  keep_full_path      = {NO},
  attachment_path     = {Attachments}
}


@book{ibach-luth,
  author         = {Harld Ibach, Hans L\"{u}th},
  publisher      = {Springer},
  title          = {Solid-State Physics},
  edition        = {Fourth},
  year           = {2009}
}