@comment{BibCompanion_Settings,
  textencoding        = {4},
  linemode            = {0},
  database_id         = {GBk7Dmo3PoxV3hDPTRGdjvrgSAAUCW9B},
  attachment_mode     = {1},
  rename_after_bibkey = {YES},
  keep_full_path      = {NO},
  attachment_path     = {Attachments}
}


@book{SGC191,
  author  = {野村悠祐 and 吉岡信行},
  publisher      = {サイエンス社},
  title          = {量子多体系と人工ニューラルネットワーク},
  year           = {2024}
}
