@comment{BibCompanion_Settings,
  textencoding        = {4},
  linemode            = {0},
  database_id         = {GBk7Dmo3PoxV3hDPTRGdjvrgSAAUCW9B},
  attachment_mode     = {1},
  rename_after_bibkey = {YES},
  keep_full_path      = {NO},
  attachment_path     = {Attachments}
}


@book{rikanenpyo,
  editor         = {国立天文台},
  publisher      = {丸善出版},
  title          = {理科年表},
  year           = {2023}
}
@article{cfi_Si,
  author          = {Atdaev B.S. and Grin' V.F. and Sal'kov E.A.and Chalaya V.G.},
  journal         = {Inorg. Mater},
  title           = {EPITAXIAL LAYERS OF CdTe ON GaP (1 1 1)B AND (1 0 0)},
  volume          = {23},
  year            = {1987},
  pages          = {1835-1837},
}
@article{cfi_NaCl,
  author          = {Yamashita J., Asano S.},
  journal         = {J. Phys. Soc. Jpn.},
  title           = {Cohesive Properties of Alkali Halides and Simple Oxides in the Local-Density Formalism},
  volume          = {52},
  year            = {1983},
  pages          = {3506-3513},
}
@article{cfi_Cu,
  author          = {Van Ingen R.P., Fastenau R.H.J., Mittemeijer E.J.},
  journal         = {J. Appl. Phys.},
  title           = {Laser ablation deposition of Cu-Ni and Ag-Ni films: Nonconservation of alloy composition and film microstructure},
  volume          = {76},
  year            = {1994},
  pages          = {1871-1883},
}
@article{cfi_Fe,
  author          = {Elsulov E.P., Voronina E.V., Barinov V.A.},
  journal         = {J. Magn. Magn. Mater.},
  title           = {Mössbauer study of magnetic properties formation in disordered Fe-Al alloys},
  volume          = {115},
  year            = {1992},
  pages          = {271-280},
}
@article{cfi_CsCl,
  author          = {Ganesan V., Girirajan K.S.},
  journal         = {Pramana},
  title           = {Lattice parameter and thermal expansion of CsCl and CsBr by x-ray powder diffraction. I. Thermal expansion of CsCl from room temperature to 90 K},
  volume          = {27},
  year            = {1986},
  pages          = {469-474},
}