@comment{BibCompanion_Settings,
  textencoding        = {4},
  linemode            = {0},
  database_id         = {GBk7Dmo3PoxV3hDPTRGdjvrgSAAUCW9B},
  attachment_mode     = {1},
  rename_after_bibkey = {YES},
  keep_full_path      = {NO},
  attachment_path     = {Attachments}
}


@article{Hock1983,
  author  = {K. H. H\"{o}ck and N. Nickisch and H. Thomas},
  journal = {Helvetica Physica Acta},
  pages   = {237-243},
  title   = {Jahn-Teller Effect in Itinerant Electron Systems : The Jahn-Teller Polaron.},
  volume  = {56},
  year    = {1983}
}