@comment{BibCompanion_Settings,
  textencoding        = {4},
  linemode            = {0},
  database_id         = {GBk7Dmo3PoxV3hDPTRGdjvrgSAAUCW9B},
  attachment_mode     = {1},
  rename_after_bibkey = {YES},
  keep_full_path      = {NO},
  attachment_path     = {Attachments}
}


@article{VESTA,
    author = {K. Momma and F. Izumi},
    journal = {J. Appl. Crystallogr.},
    volume = {44},
    title = {VESTA 3 for three-dimensional visualization of crystal, volumetric and morphology data.},
    pages = {1272--1276},
    year = {2011}
}
@article{cif:7020834,
    author = {
        Cai, Weizhao and Katrusiak, Andrzej
    },
    journal = {Dalton transactions},
    issue = {4},
    pages = {863 -- 866},
    title = {
        Structure of the high-pressure phase IV of KH2PO4 (KDP).},
    volume = {42},
    year = {2003}
}
@book{imano,
  author = {今野 豊彦},
  publisher = {共立出版},
  title = {物質の対称性と群論},
  year = {2001}
}
@article{onodera,
  author = {小野寺 嘉孝},
  journal = {日本物理学会誌},
  number = {1},
  title = {水素結合をもつ強誘電体},
  volume = {46},
  year = {1991},
  pages = {23 -- 28}
}