@comment{BibCompanion_Settings,
  textencoding        = {4},
  linemode            = {0},
  database_id         = {GBk7Dmo3PoxV3hDPTRGdjvrgSAAUCW9B},
  attachment_mode     = {1},
  rename_after_bibkey = {YES},
  keep_full_path      = {NO},
  attachment_path     = {Attachments}
}


@article{VESTA,
    author = {K. Momma and F. Izumi},
    journal = {J. Appl. Crystallogr.},
    volume = {44},
    title = {VESTA 3 for three-dimensional visualization of crystal, volumetric and morphology data.},
    pages = {1272--1276},
    year = {2011}
}
@article{cif:7128310,
    author = {
        Kawasaki, Tsuneomi and
        Kaimori, Yoshiyasu and
        Shimada, Seiya and
        Hara, Natsuki and
        Sato, Susumu and
        Suzuki, Kenta and
        Asahi, Toru and
        Matsumoto, Arimasa and
        Soai, Kenso and
    },
    journal = {Chem. Commun.},
    issue = {49},
    pages = {5999 -- 6002},
    title = {
        Asymmetric autocatalysis triggered by triglycine sulfate with switchable chirality
        by altering the direction of the applied electric field.},
    volume = {57},
    year = {2021}
}