@comment{BibCompanion_Settings,
  textencoding        = {4},
  linemode            = {0},
  database_id         = {GBk7Dmo3PoxV3hDPTRGdjvrgSAAUCW9B},
  attachment_mode     = {1},
  rename_after_bibkey = {YES},
  keep_full_path      = {NO},
  attachment_path     = {Attachments}
}


@book{ibach-luth,
  author         = {Harld Ibach and Hans Lüth},
  publisher      = {Springer},
  title          = {Solid-State Physics},
  edition        = {Fourth},
  year           = {2009}
}
@article{Hung-1950,
  title = {The Resistivity and Hall Effect of Germanium at Low Temperatures},
  author = {Hung, C. S. and Gliessman, J. R.},
  journal = {Phys. Rev.},
  volume = {79},
  issue = {4},
  pages = {726--727},
  numpages = {0},
  year = {1950},
  month = {Aug},
  publisher = {American Physical Society},
  doi = {10.1103/PhysRev.79.726},
  url = {https://link.aps.org/doi/10.1103/PhysRev.79.726}
}
@article{Fritzsche-1958,
title = {Resistivity and hall coefficient of antimony-doped germanium at low temperatures},
journal = {Journal of Physics and Chemistry of Solids},
volume = {6},
number = {1},
pages = {69-80},
year = {1958},
issn = {0022-3697},
doi = {https://doi.org/10.1016/0022-3697(58)90220-8},
url = {https://www.sciencedirect.com/science/article/pii/0022369758902208},
author = {H. Fritzsche}
}
@article{Grueneisen,
  author          = {E. Grüneisen},
  journal         = {Annalen der Physik},
  title           = {Die Abhängigkeit des elektrischen Widerstandes reiner Metalle von der Temperatur},
  volume          = {408},
  year            = {1933},
}
@book{rikanenpyo,
  editor         = {国立天文台},
  publisher      = {丸善出版},
  title          = {理科年表},
  year           = {2023}
}
@book{Yaguchi_2017,
  author         = {矢口裕之},
  publisher      = {講談社サイエンティフィク},
  title          = {初歩から学ぶ固体物理学},
  year           = {2017}
}