@comment{BibCompanion_Settings,
  textencoding        = {4},
  linemode            = {0},
  database_id         = {GBk7Dmo3PoxV3hDPTRGdjvrgSAAUCW9B},
  attachment_mode     = {1},
  rename_after_bibkey = {YES},
  keep_full_path      = {NO},
  attachment_path     = {Attachments}
}

@article{Mraw,
  author = {Stephen C. Mraw},
  journal = {Rev. Sci. Instrum.},
  title = {Mathematical treatment of heat flow in differential scanning
          calorimetry and differential thermal analysis instruments},
  volume = {53},
  pages = {228--231},
  year = {1982},
  issue = {2},
}
@article{saito1987,
  title={古典的{DTA},入力補償{DSC}および熱流束{DSC}の理論的考察},
  author={齋藤 一弥 and 阿竹 徹 and 齋藤 安俊},
  journal={熱測定},
  volume={14},
  number={1},
  pages={2--11},
  year={1987},
  doi={10.11311/jscta1974.14.2}
}

@article{saito1996,
  title={示差熱分析および示差走査熱量測定の基本原理と問題点},
  author={齋藤 安俊},
  journal={無機マテリアル},
  volume={3},
  number={263},
  pages={271--283},
  year={1996},
  doi={10.11451/mukimate1994.3.271}
}

@book{chem,
  editor = {日本化学会},
  publisher = {丸善出版},
  title = {実験化学講座 6 温度・熱・圧力},
  year = {2005}
}
